2310 3820
130 102 902 239 66666666666'006666161
950 159 1013 232 τοο

92 307 236 418 Ηράδου
265 289 498 394 βασιλεύοντος,
526 313 579 376 καί
597 313 648 376 ε’πί
669 308 845 415 Ἀρχελάου
862 309 917 376 τοῦ
935 293 1013 375 7166-

91 396 144 477 δδς
174 397 279 464 αὐτοῦ.
320 397 414 464 Μετά
445 403 479 464 δέ
508 397 564 478 την
586 398 703 468 τούτων
724 395 907 477 6666666’6
836 423 1012 514 γρριστο-

91 490 203 568 κρανία
232 489 296 593 μίν
309 481 349 564 66
369 485 403 565 6
413 493 470 552 πολ
456 489 567 566 λιτεία,
597 484 655 564 666
683 487 716 553 δέ
743 489 935 598 προστασίαν
957 487 1012 550 τοῦ
1071 503 1085 512 ‘

90 571 202 649 ε’θνους
224 580 253 639 οἱ
275 571 448 685 ἀρχιερεῖς
447 579 658 641 πεπίστευντο
703 579 787 660 Περί
801 568 912 659 μέν
875 597 929 640 ουν
950 573 1013 640 τῶν.

2 713 3 726 .
91 659 256 748 άρχιερεων
278 660 369 726 ἱκανά
389 662 497 728 ταῶτα.

95 909 197 978 CAP-
212 911 274 977 XI·
292 929 321 982 1
351 893 493 996 Γέσσιος
515 919 547 986 66
566 921 701 1006 Φλῶρος,
725 917 919 1029 άπεμφθείς
936 915 1012 983 Ἀλ-

92 1015 181 1093 βίνου
220 1007 364 1095 διάδοχος
398 1005 468 1074 6766
496 1011 661 1093 Νερωνος,
705 1008 825 1075 πολλῶν
862 1005 1013 1084 άνέπλησε

94 1100 195 1164 κακῶν
220 1096 398 1176 Ἰουδαίους.
465 1097 671 1179 Κλαζομένιος
710 1091 804 1161 66
781 1122 821 1174 ην
860 1091 897 1160 τά
927 1094 1012 1200 χένος

2 1235 4 1268 ,
94 1179 200 1266 οὗίος,
238 1185 366 1298 ἐπήγετο
408 1185 441 1248 66
474 1182 678 1269 Κλεοπάτραν
717 1185 854 1266 γυναῖκα,
889 1179 936 1246 δι’
974 1179 1013 1258 66

95 1275 186 1354 φίλην
232 1269 327 1338 οὖσαν
367 1272 547 1348 Ποππηίας
576 1271 634 1348 τῆς
677 1273 824 1357 Νέρωνος
859 1263 1012 1374 γυναικδς,

1 1440 2 1446 χ
94 1363 148 1426 καί
177 1361 309 1445 πονηρίᾳ
337 1359 441 1464 μηδὲν
464 1355 561 1422 αὐτοῦ
597 1358 822 1464 διαφέρουσαν,
861 1357 917 1434 τοῖς
955 1354 1013 1464 σίρ-

89 1447 152 1532 χῆς
179 1447 333 1555 έπέτρχεν.
394 1443 483 1509 Οὕτω
516 1447 549 1508 66
585 1447 661 1552 περί
687 1442 745 1549 πρὶν
771 1445 910 1520 ἐξουσίαν
948 1441 1013 1526 έγέ-

92 1558 161 1600 υετο
185 1530 278 1609 κακῶς
300 1559 351 1598 και
342 1533 530 1642 βίαιος,
512 1529 587 1606 ω’ςτε
609 1529 718 1596 διά
681 1558 738 1608 την
757 1528 913 1637 ῶπερβολ
894 1556 932 1608 ην
953 1530 1014 1594 τῶν

1 1677 2 1706 3
93 1623 196 1688 κακῶν
216 1620 400 1705 Ἀλβῖνον
384 1617 515 1710 επάνουν
532 1644 577 1694 ως
597 1618 758 1726 εὐεργέτην
779 1617 934 1684 Ἰουδαῖοι.
955 1615 1013 1681 'E-

93 1712 190 1783 κεῖνος
211 1711 269 1817 μέγ
288 1706 348 1793 γάρ
377 1689 582 1790 έπεκέκρυπτο
603 1704 662 1785 τήν
682 1709 850 1814 πονηρίαν,
881 1705 935 1770 καί
958 1703 1015 1770 τοῦ

92 1793 137 1880 μή
158 1795 339 1868 παντάπασι
348 1792 543 1905 καεάᾳωρος
564 1793 643 1859 είναι
664 1792 813 1880 προενόει,
831 1791 959 1866 Γέσσιος
981 1792 1014 1856 δὲ

96 1883 240 1994 Φλῶρρς,
263 1882 427 1991 καθάπερ
446 1885 490 1960 εἰς
509 1884 654 1958 ἐπίδειξιν
678 1889 828 1966 πονηρίας
849 1881 1013 1984 πεμφθείς,
1087 1935 1091 1940 ,

1 2035 3 2056 ‚
94 1968 149 2043 τάς
170 1974 213 2044 εἰς
236 1967 271 2043 66
293 1968 427 2043 ἔθνος
407 1971 493 2051 ημῶν
522 1973 715 2076 παρανομίας
736 1967 905 2052 ἐπόμπευε,
936 1962 1014 2049 μήτε
1057 2053 1060 2058 1

92 2055 236 2160 ἁρπαγῆς
208 2055 439 2168 γπαραλιπῶν
457 2057 572 2138 μηδένα
593 2055 727 2168 τρόπον,
736 2080 812 2160 μκχτε
833 2054 940 2120 ἀδίκου
960 2077 1014 2118 κο-

92 2141 216 2217 λάσεως.
254 2138 315 2208 Ην
336 2139 395 2228 γάρ
417 2141 561 2227 ἄτεγκτος
589 2145 645 2226 μέν
666 2141 744 2226 πρδς
765 2141 862 2220 ἔλεον,
897 2136 1035 2216 παντός,

93 2233 128 2296 δέ
150 2231 275 2315 κέρδους
296 2228 512 2313 άπληστος,
488 2257 512 2292 ω
536 2255 569 2314 γε
591 2233 667 2312 μηδὲ
690 2232 728 2295 τά
750 2232 876 2296 πλείστα
895 2229 956 2294 τῶν
978 2223 1013 2292 6-

91 2321 183 2401 λέγων
206 2320 425 2400 διερερεν,αλ
401 2313 463 2381 λλά
484 2319 537 2382 καί
565 2321 688 2424 λῃσταῖς
716 2313 921 2427 ε’κοινῶγησεν.
965 2312 1013 2378 'A-

93 2405 168 2480 δεῶς
197 2401 255 2489 γάρ
287 2410 317 2471 οἱ
346 2406 452 2470 πολλοί
472 2404 562 2469 τοῦτο
581 2403 753 2517 έπραττρν,
775 2403 915 2513 ε’χέχγυον
937 2425 1003 2488 παρ

81 2493 208 2557 εἷκείνου
236 2491 294 2570 τήν
324 2493 519 2576 οωτηρίαν’
503 2495 554 2555 επί
582 2495 645 2568 τοῖς
657 2495 799 2607 μέρεσιν
818 2491 897 2576 ἔχειν
918 2513 1013 2554 πεπν-

93 2577 260 2654 στευκότες.
302 2582 368 2644 Καί
382 2579 473 2645 τοῶτο
490 2581 614 2663 μέτριον
630 2578 683 2646 666
705 2577 751 2659 66.
790 2577 875 2643 Ἀλλ
891 2583 920 2643 οἱ
943 2581 1012 2651 δυς

93 2669 192 2749 τυχεῒς
216 2663 378 2744 Ἰουδαῖοι,
399 2693 442 2748 μη
434 2663 626 2748 δυνάμενοι
647 2664 701 2742 τάς
730 2664 792 2732 άπδ
813 2666 874 2730 τῶν
896 2665 1013 2768 λχστῶν

67 2752 253 2836 γινομένας
288 2750 467 2861 πορθήσεις
498 2750 678 2836 ὑπομένειν,
710 2735 921 2859 ἠναγκάζοντο
950 2754 1010 2817 τῶν

94 2842 181 2904 ι’διων
201 2839 426 2924 εξανιστάμενοι
446 2837 538 2946 ιχθῶν
555 2837 676 2945 φεύγειν
693 2842 833 2918 ἅπαντες,
852 2837 894 2914 ῶς
909 2841 1009 2924 τρεῖν-

93 2951 148 2990 τον
169 2923 359 3040 άπρυδήποτε
380 2927 465 3014 παρά
488 2927 554 3003 τοῖς
570 2926 749 3012 άλλοηάλοις
768 2924 1009 3038 κρτοικήσοντες.

93 3014 161 3075 Καί
190 3016 221 3076 τί
247 3016 294 3077 δεῖ
322 3017 449 3078 πλείωλ
435 3015 570 3122 λέγεινς
560 3014 635 3081 Τάν
656 3015 714 3126 χάρ
735 3014 814 3100 πρδς
832 3014 1010 3126 Ῥωμαίους

92 3099 223 3182 πόλεμον
254 3097 271 3165 6
271 3102 531 3206 καταναγκάσας
550 3101 629 3209 ἡμᾶς
648 3103 793 3213 ἅρασθαι
817 3097 982 3208 Φλῶρος
961 3129 1008 3180 ην,

91 3188 230 3270 κρεῖττον
258 3183 444 3295 νῖγουμένρυς
454 3185 660 3296 άθράους
640 3218 659 3268 η
678 3218 747 3257 κατ
746 3189 875 3276 ’ὀλίγον
896 3188 1007 3254 6606-

89 3282 179 3340 σθαι.
222 3277 288 3338 Καί
305 3272 342 3353 66
364 3271 420 3353 τῆν
442 3271 540 3360 άρχὴν
560 3273 705 3354 666666‘
687 3304 703 3345 6
726 3277 856 3386 πόλεμρς
877 3275 1007 3362 δευτέρῳ

88 3361 145 3446 μέν
173 3357 234 3428 ἔτει
263 3362 320 3442 τῆς
349 3364 521 3448 έπντροπης
543 3362 693 3464 Φλῶρον,
717 3361 876 3450 δωδεκάτου
899 3367 931 3432 66
953 3389 1007 3444 της

797 3473 944 3554 λε,
