2310 3820
151 75 220 159 204
280 63 339 188 σε
356 62 440 128 sos,
455 60 595 138 Αυσιο.
613 61 750 150 Lm.
769 61 804 128 c.
824 58 948 170 Ι5..τε

157 225 214 326 μέν
233 175 346 286 διδ
308 245 344 284 το
362 213 598 332 μισθοφορεῖν,
604 218 656 284 καί
677 216 764 282 οὐδέν
785 213 848 282 ἄλλ’
823 216 1077 328 λῆσυντυρατε

159 309 323 385 γοῶντες,
326 333 377 370 και
369 309 537 387 διακονίᾳ
560 304 615 381 τῆς
636 301 703 370 κατ’
724 307 847 370 ἐκεῖνον
859 303 1018 410 5593ch
1001 332 1079 372 επα-

46 466 70 477 ,
161 392 352 476 νασειόμενοι
378 395 441 466 τοῖς
475 394 648 498 κρατίστοις
679 390 740 456 τῶν
761 393 911 470 πολιτῶν,
932 393 1027 476 τιμῆς
1048 417 1080 458 τε

64 489 67 500 '
116 491 121 498 '
144 483 225 566 4τίμα
251 482 302 545 καί
323 477 474 560 ὠφελειῶν
494 476 672 562 τυγχάνειν·
696 504 716 555 η
708 476 771 542 δε
795 474 834 544 αὖ
856 482 1079 561 γυναικωνῖτις,

160 564 268 636 καί
233 593 268 636 το
290 564 451 671 νεώτερον,
473 564 546 651 ὅπερ
569 565 656 649 όχλος
677 567 759 645 φιλει
762 612 771 643 ,
800 568 949 646 θεωρίαις
973 592 1007 631 τε
1032 569 1083 632 καί

163 653 357 762 μονομαχιῶν
397 650 499 716 δόσεσι
535 654 587 716 καί
618 677 709 717 τινων
739 653 926 738 κρεανομιῶν
955 651 1083 730 ηδοναίς

109 769 116 778 ·
165 735 390 822 ἅνειλημμένοι,
422 736 443 802 όί
460 736 637 844 ε’πρόσσετο
668 733 761 820 λόγῳ
773 739 867 843 μέγ’
851 743 902 802 επὶ
918 744 1084 842 θεραπείᾳ

166 829 220 905 τῆς
250 823 406 904 πληθύος,
433 821 469 896 τό
497 799 530 890 δὲ
550 824 665 903 ἀληθές
686 822 875 890 ἐκπιπλοίντα
894 825 950 903 τῆς
971 831 1084 909 μαντλες

103 986 109 990 ,
167 917 282 981 Γαίου
296 912 351 990 τόν
363 910 542 1024 ῶμότητα
570 916 600 977 οἳ
622 913 654 975 δὲ
677 909 778 976 δοῦλοι
800 909 852 976 διό
873 908 909 976 τό
932 913 965 976 ἐν
988 939 1085 990 κατη-

167 1004 257 1106 γορίᾳ
285 1024 318 1064 τε
347 995 426 1062 εἶναι
455 1001 506 1062 καὶ
533 997 787 1102 καταφρονήματι
810 999 877 1062 τῶν
907 1002 1084 1108 δεσποτῶν,

166 1083 364 1192 ἀποστροφῆς
392 1083 438 1167 τῷ
463 1082 619 1191 ὑβρίζοντι
640 1081 750 1158 αότοός
771 1083 863 1161 οόσης
883 1084 939 1162 τῆς
963 1113 1026 1151 κατ
1055 1087 1085 1150 2-

168 1175 267 1240 κεῖνον
295 1173 485 1258 ἐπικουρίας,
515 1169 621 1276 ρᾴδιον
641 1168 705 1283 γόρ
723 1172 945 1277 ψευσαμένοις
947 1197 985 1238 τε
1008 1169 1085 1238 κατό

121 1281 125 1286 ’
169 1261 231 1326 τῶν
253 1261 364 1342 κυρίων
384 1259 630 1334 πεπιστεῦσθαι,
653 1259 705 1324 καί
725 1255 765 1322 τοί
784 1255 928 1341 χρήματα
951 1260 1082 1335 ἔνδειξαι·

64 1344 71 1351 ’
99 1339 107 1352 ’
169 1355 221 1413 σιν
252 1343 368 1424 αὐτῶν,
398 1344 461 1427 οἶμα
490 1344 661 1450 ἐλευθέροις
691 1370 721 1407 τι
743 1341 822 1408 εἶναι
843 1347 894 1412 καί
916 1351 1084 1423 πλουσίοις,

170 1432 278 1517 ’μισθῳ
296 1431 356 1496 τῶν
363 1431 602 1537 κατηγοριῶν,
610 1429 661 1496 διοί
682 1428 718 1494 τό
740 1426 822 1495 αθλα
838 1429 941 1506 αὐτοῖς
962 1436 1084 1517 προκεῖ-

161 1529 251 1586 σθαι
278 1517 332 1592 τός
353 1515 462 1601 όγδόας
486 1518 545 1583 τῶν
566 1513 686 1590 ου’σιῶν.
733 1518 802 1584 Τῶν
823 1520 856 1582 δέ
883 1517 1086 1628 εὐπατριδῶν,

170 1609 200 1672 εἰ
219 1609 274 1671 κατ’
293 1625 361 1670 τισι
377 1603 485 1677 πιστός
507 1604 524 1670 ό
545 1603 631 1688 λόγος
653 1607 779 1694 φανείη,
810 1606 876 1680 τοῖς
877 1608 995 1712 μέν
978 1632 1013 1672 εκ
1036 1605 1086 1674 τοό

168 1691 344 1798 προειδέναι
375 1717 431 1765 την
460 1691 639 1774 ἐπιβουλὴν,
670 1695 734 1768 τοῖς
766 1690 845 1756 δέ
825 1687 894 1757 υπδ
905 1693 965 1756 τοῦ
987 1693 1086 1760 θέλειν

170 1773 277 1842 εὐκτόν
298 1776 483 1860 ηγουμένοις,
505 1778 576 1882 σιγῇ
597 1781 778 1891 παρεδίδοτο
798 1777 835 1844 05
843 1777 944 1883 μόνον
963 1781 1017 1845 ε’πί
1029 1783 1087 1856 τοῖς

167 1862 362 1976 ἠγγελμένοις
388 1861 509 1970 χοροί,
516 1863 590 1929 οἷλλοί
612 1863 703 1942 ναίὴ
727 1862 858 1940 δόξα“’”
818 1893 874 1942 της
895 1863 1087 1950 οἶκροοίσεως·

171 1955 202 2016 οι
223 1952 279 2034 μὲν
300 1947 445 2029 δεδιότες,
466 1948 509 2034 μή
531 1953 582 2014 καί
603 1953 797 2057 ψεμσθεῖσιν
805 1953 926 2026 ἐλπίδος
943 1957 1087 2036 τιμωρίαι

173 2038 375 2115 συνέλθοιεν,
403 2036 444 2111 ῶς
482 2035 746 2150 προεξορμησασιν
776 2035 1007 2118 οἷποφνίναοθαι
1034 2038 1086 2116 τὴν

87 2175 91 2184 ,
175 2121 312 2190 διάνοιαν
344 2121 400 2201 τήν
422 2124 552 2188 εαυτῶν·
583 2131 611 2189 οἱ
644 2127 676 2189 δέ
698 2124 942 2206 ἐξεπιστάμενοι,
981 2123 1085 2190 διδ
1053 2151 1084 2192 το

132 2226 195 2290 929
219 2211 273 2287 τῆς
294 2210 468 2293 επιβουλῆς
476 2213 661 2299 μετασχεῖν,
680 2209 870 2294 μειζόνως”
849 2235 1015 2322 εκροπτον
1038 2211 1086 2278 ἆλ-

116 2292 271 2372 λόλων
299 2294 422 2382 οἷγνοίᾳ,
452 2301 505 2364 καί
533 2286 716 2376 δεδιότες,
710 2295 752 2381 μό
774 2295 851 2384 πρός
872 2315 962 2373 τινας
984 2298 1087 2366 εἰπόν-

174 2405 241 2464 τες,
271 2385 316 2456 οἷς
351 2381 372 2459 ἦ
399 2387 548 2467 τυραννίς
565 2384 683 2449 ἑστῶσα
711 2381 911 2468 ῶφελιμος
889 2411 945 2462 ην,
980 2389 1086 2461 ζῶντος

173 2469 274 2532 Γαίου
307 2473 484 2534 κολασθεῖεν
515 2470 663 2578 ἐνδείξεως
669 2471 861 2620 λγενομενης.
913 2468 1017 2538 Ἐπεί
1038 2475 1085 2540 καί

172 2553 274 2639 ἐ’τερος
289 2551 481 2635 ἐπεφοιτήκει
493 2552 633 2638 λόγος,
608 2563 683 2639 ωμιλ
687 2557 791 2638 ηκέναι
801 2559 866 2640 ’μέν
881 2556 981 2624 Γάϊον
995 2557 1085 2643 τραό·

170 2664 299 2752 μασιν,
307 2639 343 2705 ου’
363 2638 423 2722 μὴν
445 2639 630 2722 ἀποθανεῖν,
656 2641 732 2707 ἄλλοί
761 2643 895 2720 ζῶντα’
879 2669 912 2707 εν
936 2647 1085 2756 θεραπεί-

157 2724 303 2800 ἀιςῶπδ
320 2727 381 2792 τῶν
402 2727 517 2833 ἰατρῶγ
537 2727 625 2796 εἶναι.
649 2725 715 2805 Ην
737 2755 770 2794 τε
790 2728 899 2804 πιστός
923 2727 1025 2808 αὖθις
1040 2730 1086 2800 ον’-

169 2816 255 2889 θείς,
286 2841 311 2896 ῳ
295 2810 381 2877 καί
401 2810 565 2922 θαρσήσας
588 2834 635 2889 τις
657 2813 779 2930 γνῶμηγ
800 2816 1012 2933 οἲποφαιγοιτο
1035 2818 1085 2898 τόν

98 2900 100 2908 ’
170 2897 280 2964 αὑτοῦ·
300 2896 386 3012 ἢχοίρ
400 2899 529 3014 φίλρς
504 2927 555 2978 ων,
566 2901 702 2976 ὕποπτος
719 2905 831 2988 ε’γίνετο
848 2901 952 2987 εὐνοίᾳ
969 2907 1087 2985 τῆςτυ·

87 3043 92 3049 ,
169 2985 346 3088 ραννίδος,
326 3013 344 3062 η
360 2987 412 3050 καί
432 2990 515 3068 μίσει
519 2984 607 3136 πρός
630 2990 741 3054 ε’κεινον
760 2989 923 3082 χριόμενος,
943 2995 992 3076 τῷ
1012 2990 1086 3098 πρός

168 3068 262 3152 ον’τδν
291 3070 465 3152 οὐδαμόθεν
493 3071 594 3156 εὐνοίᾳ
626 3077 771 3179 χρωμένῳ
800 3081 1005 3160 διαφθείρειν
1034 3107 1085 3156 την

84 3215 99 3230 ⁸
166 3155 219 3216 ε’πί
247 3157 311 3266 τρίς
329 3158 508 3260 λεγομένοις
528 3169 642 3230 πίστιν,
686 3160 832 3270 Ἑλέχετο
847 3163 921 3226 δὲ
901 3163 965 3229 υπό
987 3193 1085 3244 τινων,

165 3246 198 3302 οτ
223 3242 274 3325 καί
292 3238 425 3326 μάλιστα
446 3246 508 3320 τοῖς
529 3244 728 3334 εὐπατρίδαις
750 3247 897 3358 ἠφάνιζον
924 3247 963 3318 τό
988 3253 1085 3330 τόθι.-
