2372 3826
129 57 1151 227 wa.m.mwwfflmffi³

152 291 252 380 ατῖεήν
268 288 451 396 Σεβαστήν,
471 288 613 376 οἰόμενος
634 293 668 362 δί
687 289 769 360 κατιῖ
788 291 845 369 τῆς
843 285 967 396 χώρας
988 295 1070 396 γίνε-

152 395 232 452 σθαι
252 384 345 450 τοῦτο
359 379 458 448 ου’δίν
479 381 622 458 ἔλαττον,
660 381 872 482 ἰσχυροποιεῖ
876 372 932 443 τόν
961 401 1093 460 τσπον,

149 468 307 560 οῖπέχοντα
326 471 386 574 μίγ
404 461 631 573 Ιεροσολεῖμων
653 469 727 550 μιιῖς
756 460 830 532 δδδν
851 457 983 547 ήμίρας,
1014 463 1068 530 εὕ-

150 583 287 662 γρηστον
307 560 327 620 δ
356 553 432 619 σ’ντα
453 556 507 618 καὶ
526 550 634 619 κοινδν
655 555 707 618 ε’πί
727 577 761 616 τε
782 554 845 627 τοῖς
866 553 900 615 ἐν
922 552 963 636 τῇ
980 545 1069 656 γαῖρᾳ

109 705 111 712 ,
146 647 202 710 καί
222 671 259 752 τη
246 635 599 743 πόλειγενησδμενον
637 640 692 724 To)
707 638 957 704 δίέθνειπαντί
968 633 1071 742 φρού-
1154 646 1155 694 ξ

149 714 476 834 ριονένῳνοδόμησεν,
497 722 534 790 τδ
554 720 653 790 πάλαι
677 725 732 807 μίν
753 719 948 826 καλεύμενον
963 718 1072 806 Στριῖ-
1154 727 1155 784 1

148 840 246 890 τωνος
267 809 424 894 πύργον,
445 806 642 914 Καισάρειαν
663 809 738 876 δὲ
717 805 771 875 υπ’
793 806 894 875 αὐτοῦ
910 832 1072 917 προςαγο-

148 901 272 1016 ρευθίν.
310 899 371 962 Ἕν
399 921 433 964 τε
449 923 505 1000 τῳ
536 893 663 1001 μεγάλῳ
686 899 783 980 πεδίῳ
812 895 877 960 ταῖν
904 896 1071 962 ἐπιλέκτων

122 991 267 1054 ’ἱππίοιν
286 987 359 1068 περί
379 977 475 1049 ου’τδν
489 960 723 1086 οῖποκληροίσας
748 986 864 1067 χωρίον
893 982 1072 1048 συνέκτισεν

146 1075 200 1140 ἐπί
220 1095 254 1138 τε
275 1099 325 1176 τη
301 1072 489 1151 Γαλιλαίᾳ
510 1065 604 1152 Γοῖβα
627 1064 838 1178 καλούρενογ,
867 1071 922 1132 καί
939 1067 982 1172 τῇ
1001 1077 1072 1134 Πε-
1155 1065 1156 1126 ἶ

33 1201 36 1206 -
148 1161 225 1247 ραίᾳ
246 1155 304 1235 τήν
310 1150 526 1259 Εσεβωνῖτιν.
575 1155 683 1218 Ταῦτα
696 1159 752 1236 μίν
774 1149 831 1220 οὖν
853 1153 968 1228 ἐντοῖς
988 1149 1071 1238 κατιῖ

117 1319 120 1324 ,
147 1248 260 1330 με’ρος,
297 1237 349 1308 οῖεί
379 1269 411 1308 τι
439 1235 519 1324 πρδς
539 1237 713 1322 οῖσφιῖλειαν
732 1243 976 1343 ἐπεξευρίσκων,
1016 1227 1072 1306 καλ

145 1326 366 1413 διαλαμβάνων
388 1329 541 1431 φυλακαῖς
562 1323 599 1392 τδ
616 1324 679 1390 πιῖν
698 1326 812 1404 ἔθνος,
834 1322 877 1399 ως
890 1321 1002 1404 ἥκιστα
1000 1321 1070 1410 μίν

114 1475 117 1478 ,
144 1414 191 1484 τῖπ
190 1415 362 1496 ἐξουσίας
383 1417 428 1488 εἰς
458 1409 515 1487 τοῖς
540 1408 683 1520 ταραχιῖς
706 1417 914 1494 προπίπτειν,
943 1414 994 1486 αἶς
1016 1417 1070 1479 καί
1138 1407 1142 1422 “

140 1504 262 1610 μικροῦ
272 1499 441 1584 κινήματος
454 1502 651 1584 ἐγγενομένου
667 1499 805 1584 συνεχιῖς
806 1499 1001 1614 ἐγρυῖντο,
968 1505 1071 1574 ,λαν-

29 1635 32 1644 .
97 1647 102 1652 .
143 1585 298 1660 θιῖνεινδ
297 1585 451 1668 ἐ’μηδ’
422 1612 450 1650 ει
471 1589 692 1690 παρακινοῖεν,
714 1585 929 1700 ἐρεστηκοτων
950 1588 1001 1649 αεί
1018 1613 1070 1653 τι·

141 1678 208 1743 ναῖε
229 1677 377 1752 πλησίον,
398 1679 427 1737 οῖ
425 1675 499 1740 καί
513 1668 672 1772 γιναῖσκειν
690 1697 742 1738 ιιαι
734 1670 887 1738 κωλύειν
902 1669 1069 1738 ἐδύναντο.

146 1759 226 1829 Τότε
249 1764 283 1825 δὲ
304 1787 361 1836 την
379 1752 606 1860 Σαμάρειαν
580 1759 759 1866 ωρμημίνος
774 1760 919 1843 τειχίζειν
933 1753 1070 1835 πολλοῦς

144 1852 200 1952 μὲν
222 1846 285 1912 ταῖν
307 1841 578 1950 συμμαχησάντων
599 1839 677 1910 κατοῖ
698 1845 771 1919 νοεῖς
795 1845 970 1949 πολέμους,
989 1852 1071 1911 πολ·
1157 1893 1158 1900 1

144 1929 217 2008 λοτῖς
237 1936 271 1998 δέ
293 1957 356 1996 των
377 1927 501 2035 ὁμόρων
514 1935 711 2012 συμπολίζειν
726 1927 926 2036 ἐπετήδευεν,
950 1924 1012 1996 εῖπό
1035 1955 1070 1996 τε
1091 2006 1099 2024 .

144 2022 335 2128 φιλοτιμίας
342 2019 402 2082 τοῦ
422 2042 500 2084 νεων
520 2021 669 2128 ἐγείρειν,
702 2044 754 2084 και
748 2011 829 2081 διοῖ
850 2011 888 2082 τδ
909 2039 1068 2122 προτερον
1088 2095 1094 2108 s

143 2101 204 2171 ουίτ
225 2129 258 2170 εν
281 2106 348 2178 ταῖς
369 2100 531 2208 ἐπισήμρις
551 2099 665 2180 οὖσαν,
703 2131 753 2169 κατ
747 2100 931 2207 μᾶλλον’
912 2129 963 2168 οτι
982 2097 1069 2208 πρδς

142 2185 316 2274 υῖσφοῖλειαν
342 2184 430 2272 αὐτῷ
451 2185 487 2254 τδ
508 2185 672 2271 φιλότιμον
691 2186 912 2268 ἐπετηδεύετο,
950 2186 1009 2267 τήν
1031 2213 1068 2254 τε

134 2278 353 2382 ,προςηγορίαν
375 2255 569 2355 ὑπήλλαττε,
592 2272 758 2382 Σεβαστήν
778 2275 899 2354 καλοῖν,
932 2280 987 2340 καί
1008 2277 1070 2353 τῆς

143 2360 253 2466 χώρας
270 2359 403 2447 ιῖρίστην
433 2358 529 2427 οὖσαν
562 2360 620 2438 τήν
649 2367 780 2440 πλησίον
801 2359 992 2468 κατεμέριζε
997 2365 1069 2436 τοῖς

90 2463 165 2527 769
186 2444 382 2531 οἰκήτορσιν,
421 2445 465 2522 οῖς
487 2446 659 2522 ἐπευθδς’
643 2475 677 2514 εν
700 2445 883 2552 εὐδαιμονίᾳ
903 2443 1068 2528 συνιόντες

141 2537 256 2604 οἰκεῖν·
280 2536 334 2600 καί
354 2537 449 2640 τειχει
459 2557 598 2646 καρτερω
613 2532 669 2610 τήν
690 2529 779 2600 πόλιν
793 2535 972 2617 περιέλαβε,
993 2531 1069 2599 τότε

140 2621 200 2687 τοῦ
221 2623 339 2707 χωρίου
361 2617 533 2702 πρόςαντες
553 2625 599 2696 είς
619 2618 811 2729 ἐρυμνότητα
833 2617 1068 2694 κατασκευαζό-

80 2730 249 2791 μενος,
286 2709 340 2772 καί
366 2707 498 2790 με’γεθος
525 2700 650 2789 αὐγαῖς
679 2704 717 2773 τδ
744 2707 870 2811 πρυῖταν
892 2699 960 2772 α’λλ
984 2707 1067 2782 αῖςτε

139 2796 235 2899 μηδὲν
257 2789 385 2858 οῖποδεῖν
403 2793 467 2858 τοῖν
477 2789 738 2901 ἐλλογιμωτάτων
767 2790 884 2859 πόλεων
896 2799 1069 2896 περιλαμ-

137 2874 260 2985 βοῖνων·
298 2873 418 2944 στιίδιοι
414 2873 505 2981 γιῖρ
535 2873 616 2958 ἦσαν
646 2881 771 2947 εἴκοσιν
814 2871 923 2954 Ἐντος
951 2881 986 2943 δέ
1008 2881 1070 2945 καέ

135 2961 219 3032 aare?
237 2965 332 3049 μίσην
351 2967 455 3075 τριαῖν
472 2957 664 3079 ημισταδίων
683 2965 806 3046 τέμενος
826 2960 941 3042 ιῖνήκε,
976 2991 1068 3030 παν-

30 3065 40 3080 ·’
134 3053 228 3124 τοίως
249 3051 493 3134 κεκοσμημένον,
513 3054 567 3116 καί
587 3045 663 3116 ναδν
692 3053 725 3118 ἐν
745 3049 833 3137 ου’τῳ
821 3048 985 3134 μεγέθει
1007 3043 1069 3117 καὶ

134 3133 240 3202 κάλλει
260 3137 324 3202 ταῖν
347 3132 636 3242 ε’λλογιμοιτιῖταιν”
615 3156 750 3222 ηγειρεν·
780 3138 814 3206 ἐν
835 3161 869 3202 τε
887 3137 954 3210 τοῖς
974 3131 1068 3204 κατεῖ

69 3245 71 3253 ·
132 3223 231 3325 μίρος
245 3217 305 3287 διιῖ
318 3217 442 3289 πάντων
468 3218 629 3328 ἐκαρτέρει
648 3225 772 3330 κοσμεῖν
792 3221 850 3302 τήν
871 3218 986 3301 πολιν,
1025 3216 1069 3288 τδ

131 3306 231 3387 μ’ίν
131 3309 380 3393 μαναγκαΐον
400 3307 459 3386 τῆς
475 3303 687 3392 αοφαλείας”
667 3311 767 3396 οροῖν,
787 3313 843 3379 καί
862 3307 905 3398 τῇ
918 3307 982 3376 ταῖν
991 3335 1065 3377 πε
