2346 3822
144 85 198 156 83
231 52 542 152 τετρακόσια
565 76 605 138 n.
615 73 713 138 τινα
745 19 837 141 σόν.
855 73 909 142 v1.
932 81 1048 156 §.23
979 33 1017 144 2.’
1031 25 1060 144 2.

143 221 425 344 πρρτεθειμενην’
403 227 516 336 αρετήν
543 219 596 298 66²
618 228 728 335 αότριῖ,
758 229 825 306 τοῖς
845 228 897 294 ἐπί
921 232 1060 334 σωτηρίᾳ

144 321 205 386 καί
218 319 338 408 φυλακή
367 317 423 383 τοῦ
442 319 574 422 πατρίου
602 305 795 402 μελλήσουσι
813 311 970 396 τελευτάν,
1006 313 1060 382 διοί

128 403 179 472 ’τό
201 405 300 472 άίδιον
321 405 376 470 τοῦ
396 406 593 470 ἐπαινεισθαι
608 403 723 486 φήμην
726 404 1059 488 κατασκευασαμένους,

141 491 173 558 ε”ν
202 518 235 558 τε
265 495 329 568 τοῖς
355 491 409 556 νῦν
431 489 705 570 ἐπαινεθήσεσθαι
730 496 784 560 καί
801 491 875 568 τοῖς
904 491 1058 576 ἐσομένοις

139 578 394 663 ἀειμνημόνευτον
414 581 590 645 καταλιπεῖν
607 575 660 643 τόν
680 581 758 660 βίον.
799 580 915 644 Καίτοι
935 601 969 661 με
993 581 1058 654 τοῖς
1109 597 1112 606 “

139 664 304 740 ἀκινδύνως
317 665 573 748 διαιτωμένοις”’
551 689 687 770 αφυκτον
706 664 787 730 εἶναι
807 662 864 744 τήν
885 663 1056 772 συμφοράν,

51 749 57 764 “
133 754 214 836 ,άςτε
234 751 373 827 καλῶς’
352 777 431 836 εχειν
451 755 514 828 τοῖς
526 751 646 861 άρετής
665 750 879 838 ὀριγνωμένοις
908 749 944 818 τό
965 778 1058 818 κατε-

137 840 331 944 ηεηφισμένον
354 837 453 905 αὐτοῖν
474 864 530 920 μετ
565 842 699 906 ἐπαίνων
727 841 779 904 καί
807 839 903 920 τιμοῖν
933 841 1066 924 δεχομέ-

136 954 202 1004 νοις
220 925 345 992 άπιέναι
367 927 421 990 τοῦ
441 931 523 1008 βί.ου
538 927 680 1035 Φίρειν
701 929 754 991 καί
778 923 920 1033 κράφισιν
942 927 1057 1006 πολλήν

136 1011 173 1080 τό
194 1017 244 1080 ἐπι
236 1009 410 1090 καλοῖς”
384 1037 505 1097 αρχοις,
528 1009 570 1082 ὧν
589 1014 752 1125 μνηστῆρα
773 1011 826 1079 τόν
845 1016 988 1078 ’κίνδυνον
1008 1013 1055 1078 εί-

136 1125 203 1179 ναι,
225 1101 398 1204 τελευταῖν,
412 1104 464 1166 καί
485 1100 547 1184 άμα
560 1101 653 1166 υῖεσι
666 1103 730 1178 τοῖς
751 1097 869 1178 αὐτοῖν,
902 1103 955 1164 καί
976 1097 1054 1166 όπό-

223 1376 254 1432 3
297 1362 363 1428 Καὶ
393 1364 426 1428 οἱ
450 1363 506 1445 μίν
530 1359 680 1440 τοιούτοις
715 1344 831 1444 λόχοις
841 1361 951 1466 ἐξήραν
982 1324 1055 1437 τοιῖς

132 1430 227 1523 νέους.
277 1445 472 1529 Λφικνεῖται
502 1451 535 1514 δέ
565 1446 651 1532 λόχος
681 1450 725 1522 είς
754 1445 867 1522 αότούς
902 1445 1055 1514 τεθνάναι

133 1531 257 1618 φράζων
278 1534 332 1600 τόν
350 1537 497 1643 βασιλεα,
516 1540 568 1600 καί
580 1535 777 1646 συνέπραττε
796 1533 860 1613 τοῖς
880 1539 1055 1620 σοφισταῖς

131 1625 199 1685 Καί
217 1621 318 1730 μέσης
339 1619 472 1725 ἡμέρας
476 1619 655 1697 άνελθόντες
683 1622 840 1686 κατέσποω
865 1646 898 1687 τε
921 1624 974 1690 καί
994 1647 1056 1688 πε·

131 1709 249 1774 λέκεσιν
269 1709 416 1792 ἐξέκοψαν
438 1706 491 1774 τόν
513 1707 617 1788 άετόν,
638 1708 794 1774 πολλῶν
778 1735 810 1773 εν
826 1735 869 1793 τῳ
889 1699 962 1797 ιερῳ
947 1710 1055 1775 ‘⁴66oe-

131 1792 309 1875 τριβόντων
352 1793 457 1860 Καί
439 1821 455 1862 ο
479 1793 650 1910 στρατηγός
671 1797 727 1861 τοῦ
747 1799 961 1876 βασιλεως-
952 1793 1052 1912 άχ-

130 1876 266 1964 χελλεται
285 1906 344 1967 γαρ
367 1880 389 1962 η’
404 1882 595 1991 ἐπιχείρησις
619 1879 698 1990 πρός
719 1881 878 1949 αότόν-
898 1880 961 1948 άπδ
981 1887 1053 1968 μεί-

130 1971 214 2044 ζονος
237 1968 415 2042 διανοίας
395 1995 414 2048 η
433 1968 602 2077 ἐπράσσετο
629 1967 807 2052 όπολαβοδν,
837 1969 937 2036 άνειαι
959 1973 1052 2056 χεῖρα

79 2107 81 2114 ,
130 2053 246 2134 πολλήν
273 2053 438 2140 οἰχόμενος,
476 2055 586 2164 όπόσρι
606 2053 829 2134 α’νθέξοιεν”
783 2084 827 2140 τῳ
849 2054 964 2136 πλήθει
985 2057 1051 2124 τοῖν

129 2143 326 2228 πειρωμένων
345 2146 509 2249 καθαιρεῖν
527 2141 563 2212 τό
584 2141 751 2224 ἀνάθημα
776 2141 928 2210 ἐπιπεσών
949 2167 980 2208 τε
1006 2144 1051 2227 μή

128 2229 394 2337 κροςδεχομένοις,
431 2223 539 2296 666‘
522 2233 612 2314 οποῖα
631 2230 718 2316 ὄχλος
740 2256 776 2312 φι
778 2239 819 2296 λει
808 2229 911 2335 δόξη
931 2231 1050 2338 μᾶλλον

129 2311 288 2396 όμαθεῖ
266 2341 286 2394 η
308 2318 438 2402 προνοίᾳ
450 2315 591 2424 άρφαλεῖ
607 2315 823 2402 πετολμηκόσι,
844 2315 1050 2394 ἇσυντάκτοος

128 2425 160 2466 τε
178 2427 230 2466 και
220 2404 343 2485 μηδὲν
328 2403 420 2468 ντοῦ
440 2401 605 2483 όνήσαντος
625 2403 961 2518 προανεσκοπημένοις,
984 2407 1050 2472 ταῖν

127 2512 160 2551 τε
182 2489 259 2554 νέων
279 2486 334 2556 οόκ
356 2488 500 2567 ἐλάσσους
520 2491 746 2597 τεσσαράκοντα
762 2490 890 2574 άνδραῖν,
913 2516 943 2556 οι
932 2492 1048 2598 ''660-

84 2581 148 2641 ὅθί
171 2597 220 2640 σεο
239 2571 344 2682 έμενον
366 2573 543 2642 ἐπιόντα’
514 2601 569 2654 εις
580 2576 679 2662 φυμήν
700 2579 756 2644 τοιῖ
775 2579 885 2642 λοιποῦ
903 2577 1049 2657 πλήθους

126 2657 349 2738 καταστάντος,
379 2661 596 2747 συλλαμβάνει,
627 2668 679 2730 καί
707 2661 778 2740 τοάς
806 2663 967 2748 ειςηχητάς
991 2669 1051 2733 τοῦ

126 2747 317 2831 τολμήματος
342 2747 461 2815 ’ίοόδαν
492 2753 543 2816 καί
572 2753 745 2834 Ματθίαν,
775 2751 932 2826 άδοξαν”
886 2756 1049 2858 ηχουμέ-

125 2859 196 2948 νορς
221 2833 394 2946 ὑποχωρεῖν
423 2838 478 2914 τήν
502 2835 612 2919 ἔφοδον
641 2837 754 2918 αότοτῖ,
793 2840 846 2902 καί
868 2835 1055 2950 666767516

124 2921 177 2983 ἐπί
196 2921 250 2986 τόν
270 2923 406 3005 βασιλέα.
448 2921 616 3011 θἸδρομενου
645 2925 692 3000 δέ,
723 2921 838 2988 ἐπεί’
817 2925 967 3005 αφίκοντο
999 2925 1055 2994 ἐπ

69 3011 74 3046 ·’
124 3003 234 3085 αὐτόν,
253 3009 310 3075 τοῦ
329 3008 493 3090 βασιλέως,
524 3013 569 3076 (εἰ
589 3008 772 3094 τολμήσειαν
792 3007 888 3076 αὐτοῦ
908 3011 945 3077 τό
968 3011 1053 3080 666-

123 3099 212 3171 θημα
241 3096 414 3175 καθελεῖνς’
458 3104 477 3134 “
484 3095 580 3162 Ἀλλά
610 3101 662 3164 καί
688 3097 880 3205 πεφρόνηταί
904 3123 938 3209 χε
973 3099 1054 3185 ημῖν

122 3173 160 3238 τοί
182 3182 393 3261 φρονηθέντα,
424 3185 475 3250 καί
496 3185 672 3292 πέπρακται
692 3182 730 3250 τά
753 3187 955 3268 πεπραγμένα
980 3213 1043 3270 μετ

121 3258 231 3345 α’ρενής
253 3265 398 3352 α’νδράσι
412 3268 674 3384 πρεπωδεστάτης
722 3273 787 3338 Τοῦ
808 3294 843 3337 τε
863 3269 938 3368 γάρ
950 3279 1053 3342 θείνει
