2310 3820
114 149 236 218 FL.6.0S
237 102 859 270 ANTlo.1..xlx.661’.v11.§.6-5
889 159 954 232 233

82 303 233 389 Ἐκείνεμ
203 329 254 390 γαρ
282 301 414 387 πονηρόν
436 299 473 382 νίν
494 299 612 383 ἦθος’
596 308 646 370 επί
665 307 818 390 τιμωρίαν
839 302 955 374 άπότο·

78 419 136 476 γιον,
165 395 206 458 καί
225 390 300 456 κατά
320 393 385 458 τεόν
403 391 672 507 ἀπηχθημένων
652 399 850 503 αταμίσυτον,
874 395 954 458 ’-·Ελ

77 488 133 557 λησι
149 507 168 544 π
170 481 224 544 λίον
243 478 264 556 6
283 477 493 555 Ιουδαίοις’
462 484 578 554 οεκείως
587 479 679 564 ἔχειν
702 479 954 587 ὁμολογούμενον·

75 564 167 648 αλλοαό
169 573 217 632 λυν
241 565 279 656 γε’
305 590 354 631 τοι
380 564 522 640 πόλεις’
507 567 647 649 εσίμνυνε
679 567 769 634 δόσει
766 565 954 678 χρημάτων,
1029 625 1032 628 .

72 661 120 737 666
122 655 226 731 ανείυν,
252 651 395 736 θεάτρων
415 673 456 717 τε
469 653 572 718 άλλοτε
594 658 803 730 κατασκευαῖς.
841 654 974 720 ’Ἑστνκι

71 743 112 814 αίς
137 739 214 814 ναοός
239 738 402 817 ἀνέστησε,
434 738 528 815 στοάς
557 740 678 815 ἄλλαις·
710 741 772 807 666
798 739 956 808 Ἰουδαίων

70 827 189 910 οὐδεμίαν
207 825 292 892 πόλιν
315 826 384 892 6666
406 824 545 910 όλίγης
528 829 689 906 επισκευῆς
709 827 853 907 ἠξίωσεν,
886 825 956 892 6666

68 913 163 988 δόσεως
189 911 268 990 άξίας
301 916 559 1020 μνημονευθῆναι.
604 912 733 1000 Πραὶς
744 917 775 980 δὲ
805 913 988 999 ότρόντος“

66 999 219 1084 Ἀγρίππᾳ,
248 1003 300 1066 καί
328 997 407 1113 πρός
434 999 552 1076 πάντας
582 1001 618 1068 τδ
637 1000 825 1088 εὐεργετικόν
841 1003 957 1114 όμσιρν.

66 1092 128 1162 Τοῖς
147 1084 373 1154 α’λλοεδνίσιντ
351 1115 388 1162 ην
411 1087 647 1196 αιλάνθρωπος,
682 1096 734 1155 καί
763 1092 887 1164 ἐκείνοις
906 1092 957 1154 ἐν·

62 1172 285 1280 δακνόμενος
251 1202 285 1240 το
309 1173 494 1256 φιλόδωρον,
527 1180 592 1254 τοῖς
618 1175 822 1259 όμοςόλοις
801 1167 862 1281 636
863 1173 957 1262 λόγως

58 1261 191 1346 χρηστός,
221 1263 271 1324 καί
293 1259 461 1341 συμπαθής
479 1263 602 1369 μᾶλλον.
642 1261 747 1328 ,Ἡδεῖα
769 1265 850 1378 ,γοῦν
871 1263 958 1346 αὐτῷ
1009 1285 1013 1328 ἱ

58 1355 152 1456 δίριτα
172 1350 219 1412 καί
240 1347 366 1430 συνεχής
389 1349 421 1411 ίν
444 1351 507 1422 τοῖς
526 1347 690 1456 Ἰεροσρλόμ
690 1375 747 1423 νοις
766 1378 819 1428 ην,
846 1352 898 1416 καὶ
917 1327 956 1414 τά

55 1435 163 1522 πάτρια
184 1435 364 1538 καθαρῶς
348 1437 459 1544 ετνίρει.
502 1435 564 1500 Διά
593 1435 693 1513 πάσης
714 1437 786 1520 γοῦν
807 1461 899 1502 αυτον
919 1463 958 1518 η

53 1549 100 1607 γεν
127 1523 281 1629 ἁγνείας,
290 1519 410 1586 οὐδὲ
390 1523 488 1606 ημίρα
517 1528 565 1600 τίς
601 1521 776 1610 παρώδευεν
796 1521 885 1610 6616
901 1523 958 1601 τῆς

50 1612 171 1696 νομίμης
189 1606 359 1697 χηρεύουσα
383 1615 505 1687 θυσίας.

130 1761 160 1818 4.
202 1750 266 1813 Καί
283 1748 320 1825 66
341 1775 388 1823 τις
403 1749 434 1814 ίν
449 1747 515 1830 τοῖς
527 1745 785 1834 Ιεροσολόμοις’
764 1743 841 1837 αννίρ
856 1750 923 1816 ίπι-
936 1759 999 1820 949

43 1833 152 1924 χόριος
172 1861 185 1899 ε
179 1835 332 1941 ’ξακριγδάζ
331 1861 375 1900 ειν
396 1838 493 1901 δοκῶν
515 1835 553 1901 τά
575 1835 703 1920 νόμιμα,
734 1833 883 1921 Σίμων
862 1866 900 1915 ην
923 1835 958 1901 6-

43 1951 119 2006 νομα
147 1947 201 1987 τοι
204 1949 260 2005 τω
283 1925 403 2000 πλῆθος
425 1928 469 1998 είς
478 1925 650 2006 εκκλησίαν
672 1923 794 2002 ἁλίσας,
816 1921 958 2003 τηνικάδε

43 2011 110 2076 τοῦ
120 2013 271 2092 βασιλεως
300 2014 348 2084 εἰς
375 1997 566 2133 Καισάρειαν
585 2009 840 2121 ἐκδεδημηκότος,
872 2010 958 2076 ε’τόλ·

43 2121 134 2174 οησεν
153 2095 249 2162 αὐτοῦ
269 2098 438 2174 κατειπεΐν,
470 2095 511 2170 νίς
542 2095 612 2180 (οὐχ
635 2097 718 2172 ὅσιος
743 2123 809 2176 ειη,
806 2099 957 2176 δικαίως

43 2183 116 2247 δ’
95 2212 134 2248 αν
165 2187 299 2268 εἴργοιτο
333 2185 389 2251 τοῦ
411 2183 485 2247 ναοῦ
506 2184 560 2262 τῆς
582 2182 715 2260 είςόδου,
734 2182 957 2293 προςηκοόσης
991 2243 997 2249 .
1058 2206 1063 2225 ’

43 2297 97 2346 οις
134 2269 281 2354 ε’γμενίσσλ
342 2273 444 2349 Δηλ
408 2297 496 2336 ουται
532 2273 587 2354 μίν
625 2270 661 2349 66
691 2269 743 2336 διαί
773 2270 958 2376 γραμμάτων

43 2357 92 2423 πό
116 2361 175 2424 τοῦ
197 2360 371 2444 στρατηγοῦ
394 2355 508 2433 πόλεως
538 2358 582 2442 τῷ
611 2361 732 2437 βασιλεῖ
745 2356 958 2443 δημηγορήσας

43 2452 139 2527 ΐίμων
172 2447 283 2510 ταῦτα.
327 2422 573 2554 Μεταπεμπεταί
596 2449 628 2510 δὲ
652 2441 745 2512 αὐτόν
766 2444 783 2510 6
805 2445 976 2527 βασιλεὺς,

43 2539 78 2596 αί
87 2579 100 2637 '‚
109 2535 279 2607 καθεζετο
301 2527 358 2616 γάρ
383 2558 414 2596 εν
434 2533 478 2614 τῷ
498 2529 620 2616 θεάτρῳ
643 2531 726 2611 τότε,
759 2531 959 2608 καθεσθῆναι

45 2645 88 2700 αρ
125 2617 228 2684 αυτόν
252 2620 314 2682 εκελ
317 2643 411 2684 ευσεν.
455 2617 576 2722 Ηρίμα
600 2643 631 2682 τε
648 2622 699 2682 καί
722 2617 845 2702 πρᾴως,
869 2609 958 2681 “Et’-

43 2705 172 2788 ε’μοι”
198 2709 302 2788 ᾳησίν,
320 2709 369 2770 ‘66
387 2733 447 2769 των
452 2704 794 2810 ίνθάδεγνομε’νων’
778 2709 841 2769 εστι
855 2727 959 2788 παρα
1044 2715 1051 2748 -”

43 2789 169 2875 ιμον,·”
217 2791 257 2856 O
280 2797 312 2858 66
334 2794 427 2857 εἰπεῖν
445 2787 521 2874 ε”χοιν
543 2790 629 2894 οόδεν
651 2795 751 2875 τυχεῖν
768 2793 861 2856 ε’δεῖτο
884 2815 959 2875 συγ-

44 2879 190 2962 οἴμης..
211 2884 279 2962 Καί
310 2879 328 2944 6
356 2877 498 2962 βασιλεός
525 2877 608 2960 αὐτῷ
640 2877 661 2955 6
689 2875 893 2962 προςεδόκησὲ
911 2903 959 2953 τις

46 2965 251 3045 ηλλάττετο,
288 2967 343 3042 τὴν
372 2963 555 3071 πρᾳότητα
569 2968 680 3046 κρίνων
717 2966 960 3047 βασιλικωτέραν

43 3054 95 3136 γῆ
80 3079 132 3131 μς,
162 3055 223 3118 καί
246 3053 372 3158 πρίπειν
395 3051 482 3127 είδαίς
504 3053 567 3125 τοῖς
586 3053 732 3134 μεγεθεσι
748 3052 852 3134 θυμοῦ
868 3054 959 3116 πλίον

47 3145 212 3205 ιειᾞκειαν
243 3137 304 3204 Ίδν
325 3143 450 3223 Σίμωνα
470 3141 542 3223 γοῦν
564 3164 615 3204 και
608 3139 747 3218 δωρεᾶς
763 3163 845 3214 τινος
867 3134 959 3216 6666-

44 3252 63 3300 ς
90 3226 335 3310 α’ττεπεμψατο.

98 3362 135 3416 5.
170 3393 171 3398 κ
195 3347 334 3424 Πολλοῖς
356 3348 388 3412 δὲ
410 3343 639 3423 κατασκευάσας
660 3343 767 3429 πολλαί,
783 3348 960 3435 Βηρυτίους
